@misc{ROSorg,
  title = {dwa\_local\_planner},
  howpublished = {\url{http://wiki.ros.org/dwa_local_planner}},
  note = {Accessed: 2015-12-09}
}