@book{duda2012pattern,
  title={Pattern classification},
  author={Duda, Richard O and Hart, Peter E and Stork, David G},
  year={2012},
  publisher={John Wiley \& Sons}
}